@misc{pragmaWeb,
  KEY = {PRAGMA},
  TITLE = {{The Pacific Rim Application and Grid Middleware Assembly
Website}},
  howpublished="\url{http://www.pragma-grid.net}",
  year = 2013
}

